% BibTeX database for the MSc_Thesis.tex

%%%%%%%%%%%%%%%%%%%%%%%%%%%%%%%%%%%%%%%%%%%%%%%%%%%%%%%%%%
% TEMPLATES
%%%%%%%%%%%%%%%%%%%%%%%%%%%%%%%%%%%%%%%%%%%%%%%%%%%%%%%%%%

%%%%% An article from a journal or magazine.
%
%article{
%  % Required fields:
%  author  = {},
%  title   = {},
%  journal = {},
%  year    = {},
%  % Optional fields:
%  volume  = {},
%  number  = {},
%  pages   = {},
%  month   = {},
%  note    = {}
%}
%
%%%%% A book with an explicit publisher.
%
%book{
%  % Required fields:
%  author    = {}, % or editor
%  editor    = {},
%  title     = {},
%  publisher = {},
%  year      = {},
%  % Optional fields:
%  volume    = {},
%  number    = {},
%  series    = {},
%  address   = {},
%  edition   = {},
%  month     = {},
%  note      = {}
%}
%
%%%%% A work that is printed and bound, but without a named publisher or sponsoring institution.
%
%booklet{
%  % Required field:
%  title        = {},
%  % Optional fields:
%  author       = {},
%  howpublished = {},
%  address      = {},
%  month        = {},
%  year         = {},
%  note         = {}
%}
%
%%%%% The same as INPROCEEDINGS}, included for Scribe compatibility.
%
%conference{
%}
%
%%%%% A part of a book, which may be a chapter (or section or whatever) and/or a range of pages.
%
%inbook{
%  % Required fields:
%  author    = {}, % or editor
%  editor    = {},
%  title     = {},
%  chapter   = {}, % and/or pages
%  pages     = {},
%  publisher = {},
%  year      = {},
%  % Optional fields:
%  volume    = {}, % or number
%  number    = {},
%  series    = {},
%  type      = {},
%  address   = {},
%  edition   = {},
%  month     = {},
%  note      = {}
%}
%
%%%%% A part of a book having its own title.
%
%incollection{
%  % Required fields:
%  author    = {},
%  title     = {},
%  booktitle = {},
%  publisher = {},
%  year      = {},
%  % Optional fields:
%  editor    = {},
%  volume    = {}, % or number
%  number    = {},
%  series    = {},
%  type      = {},
%  chapter   = {},
%  pages     = {},
%  address   = {},
%  edition   = {},
%  month     = {},
%  note      = {}
%}
%
%%%%% An article in a conference proceedings.
%
%inproceedings{
%  % Required fields:
%  author       = {},
%  title        = {},
%  booktitle    = {},
%  year         = {},
%  % Optional fields:
%  editor       = {},
%  volume       = {}, % or number
%  number       = {},
%  series       = {},
%  pages        = {},
%  address      = {},
%  month        = {},
%  organization = {},
%  publisher    = {},
%  note         = {}
%}
%
%%%%% Technical documentation.
%
%manual{
%  % Required field:
%  title        = {},
%  % Optional fields:
%  author       = {},
%  organization = {},
%  address      = {},
%  edition      = {},
%  month        = {},
%  year         = {},
%  note         = {}
%}
%
%%%%% A Master's thesis.
%
%mastersthesis{
%  % Required fields:
%  author  = {},
%  title   = {},
%  school  = {},
%  year    = {},
%  % Optional fields:
%  type    = {},
%  address = {},
%  month   = {},
%  note    = {}
%}
%
%%%%% Use this type when nothing else fits.
%
%misc{
%  % Required fields: none.
%  % Optional fields:
%  author       = {},
%  title        = {},
%  howpublished = {},
%  month        = {},
%  year         = {},
%  note         = {}
%}
%
%%%%% A PhD thesis.
%
%phdthesis{
%  % Required fields:
%  author  = {},
%  title   = {},
%  school  = {},
%  year    = {},
%  % Optional fields:
%  type    = {},
%  address = {},
%  month   = {},
%  note    = {}
%}
%
%%%%% The proceedings of a conference.
%
%proceedings{
%  % Required fields:
%  title        = {},
%  year         = {},
%  % Optional fields:
%  editor       = {},
%  volume       = {}, % or number
%  number       = {},
%  series       = {},
%  address      = {},
%  month        = {},
%  organization = {},
%  publisher    = {},
%  note         = {},
%}
%
%%%%% A report published by a school or other institution, usually numbered within a series.
%
%techreport{
%  % Required fields:
%  author      = {},
%  title       = {},
%  institution = {},
%  year        = {},
%  % Optional fields:
%  type        = {},
%  number      = {},
%  address     = {},
%  month       = {},
%  note        = {}
%}
%
%%%%% A document having an author and title, but not formally published.
%
%unpublished{
%  % Required fields:
%  author = {},
%  title  = {},
%  note   = {},
%  % Optional fields:
%  month  = {},
%  year   = {}
%}

%%%%%%%%%%%%%%%%%%%%%%%%%%%%%%%%%%%%%%%%%%%%%%%%%%%%%%%%%%
% References
%%%%%%%%%%%%%%%%%%%%%%%%%%%%%%%%%%%%%%%%%%%%%%%%%%%%%%%%%%

@book{nocedal:opt,
  author    = {Jorge Nocedal and Stephen J. Wright},
  title     = {Numerical optimization},
  publisher = {Springer},
  year      = {2006},
  edition   = {$2^{nd}$},
  note      = {ISBN:978-0387303031}
}

@incollection{jameson:adjointns,
  author    = {Antony Jameson and Niles A. Pierce and Luigi Martinelli},
  title     = {Optimum Aerodynamic Design using the {Navier}--{S}tokes Equations},
  booktitle = {Theoretical and Computational Fluid Dynamics},
  publisher = {Springer-Verlag GmbH},
  year      = {1998},
  volume    = {10},
  pages     = {213--237},
  month     = jan
}

@article{marta:ijcfd,
   author  = {A. C. Marta and C. A. Mader and J. R. R. A. Martins and E. van der Weide and J. J. Alonso},
   title   = {A methodology for the development of discrete adjoint solvers using automatic differentiation tools},
   journal = {International {J}ournal of {C}omputational {F}luid {D}ynamics},
   year    = {2007},
   volume  = {99},
   number  = {9--10},
   pages   = {307--327},
   month   = oct,
   note    = {doi:10.1080/10618560701678647}
}

@article{marta:ijcfd1,
   author  = {A. C. Marta},
   title   = {A methodology for the development of discrete adjoint solvers using automatic differentiation tools},
   journal = {International {J}ournal of {C}omputational {F}luid {D}ynamics},
   year    = {2007},
   volume  = {1},
   number  = {9--10},
   pages   = {307--327},
   month   = oct,
   note    = {doi:10.1080/10618560701678647}
}

@article{marta:ijcfd2,
   author  = {A. C. Marta},
   title   = {A methodology for the development of discrete adjoint solvers using automatic differentiation tools},
   journal = {International {J}ournal of {C}omputational {F}luid {D}ynamics},
   year    = {2007},
   volume  = {2},
   number  = {9--10},
   pages   = {307--327},
   month   = oct,
   note    = {doi:10.1080/10618560701678647}
}

@article{marta:ijcfd3,
   author  = {A. C. Marta and C. A. Mader and J. R. R. A. Martins and E. van der Weide and J. J. Alonso},
   title   = {A methodology for the development of discrete adjoint solvers using automatic differentiation tools},
   journal = {International {J}ournal of {C}omputational {F}luid {D}ynamics},
   year    = {2007},
   volume  = {3},
   number  = {9--10},
   pages   = {307--327},
   month   = oct,
   note    = {doi:10.1080/10618560701678647}
}

@article{marta:ijcfd4,
   author  = {A. C. Marta},
   title   = {A methodology for the development of discrete adjoint solvers using automatic differentiation tools},
   journal = {International {J}ournal of {C}omputational {F}luid {D}ynamics},
   year    = {2007},
   volume  = {4},
   number  = {9--10},
   pages   = {307--327},
   month   = oct,
   note    = {doi:10.1080/10618560701678647}
}

@article{marta:ijcfd5,
   author  = {A. C. Marta},
   title   = {A methodology for the development of discrete adjoint solvers using automatic differentiation tools},
   journal = {International {J}ournal of {C}omputational {F}luid {D}ynamics},
   year    = {2007},
   volume  = {5},
   number  = {9--10},
   pages   = {307--327},
   month   = oct,
   note    = {doi:10.1080/10618560701678647}
}

@article{marta:ijcfd6,
   author  = {A. C. Marta},
   title   = {A methodology for the development of discrete adjoint solvers using automatic differentiation tools},
   journal = {International {J}ournal of {C}omputational {F}luid {D}ynamics},
   year    = {2007},
   volume  = {6},
   number  = {9--10},
   pages   = {307--327},
   month   = oct,
   note    = {doi:10.1080/10618560701678647}
}

@article{marta:ijcfd7,
   author  = {A. C. Marta},
   title   = {A methodology for the development of discrete adjoint solvers using automatic differentiation tools},
   journal = {International {J}ournal of {C}omputational {F}luid {D}ynamics},
   year    = {2007},
   volume  = {7},
   number  = {9--10},
   pages   = {307--327},
   month   = oct,
   note    = {doi:10.1080/10618560701678647}
}

@article{marta:ijcfd8,
   author  = {A. C. Marta},
   title   = {A methodology for the development of discrete adjoint solvers using automatic differentiation tools},
   journal = {International {J}ournal of {C}omputational {F}luid {D}ynamics},
   year    = {2007},
   volume  = {8},
   number  = {9--10},
   pages   = {307--327},
   month   = oct,
   note    = {doi:10.1080/10618560701678647}
}

@article{marta:ijcfd9,
   author  = {A. C. Marta},
   title   = {A methodology for the development of discrete adjoint solvers using automatic differentiation tools},
   journal = {International {J}ournal of {C}omputational {F}luid {D}ynamics},
   year    = {2007},
   volume  = {9},
   number  = {9--10},
   pages   = {307--327},
   month   = oct,
   note    = {doi:10.1080/10618560701678647}
}

@article{marta:ijcfd10,
   author  = {A. C. Marta},
   title   = {A methodology for the development of discrete adjoint solvers using automatic differentiation tools},
   journal = {International {J}ournal of {C}omputational {F}luid {D}ynamics},
   year    = {2007},
   volume  = {10},
   number  = {9--10},
   pages   = {307--327},
   month   = oct,
   note    = {doi:10.1080/10618560701678647}
}

@article{marta:ijcfd11,
   author  = {A. C. Marta},
   title   = {A methodology for the development of discrete adjoint solvers using automatic differentiation tools},
   journal = {International {J}ournal of {C}omputational {F}luid {D}ynamics},
   year    = {2007},
   volume  = {11},
   number  = {9--10},
   pages   = {307--327},
   month   = oct,
   note    = {doi:10.1080/10618560701678647}
}

@article{marta:ijcfd12,
   author  = {A. C. Marta},
   title   = {A methodology for the development of discrete adjoint solvers using automatic differentiation tools},
   journal = {International {J}ournal of {C}omputational {F}luid {D}ynamics},
   year    = {2007},
   volume  = {12},
   number  = {9--10},
   pages   = {307--327},
   month   = oct,
   note    = {doi:10.1080/10618560701678647}
}

@article{marta:ijcfd13,
   author  = {A. C. Marta},
   title   = {A methodology for the development of discrete adjoint solvers using automatic differentiation tools},
   journal = {International {J}ournal of {C}omputational {F}luid {D}ynamics},
   year    = {2007},
   volume  = {13},
   number  = {9--10},
   pages   = {307--327},
   month   = oct,
   note    = {doi:10.1080/10618560701678647}
}

@article{marta:ijcfd14,
   author  = {A. C. Marta},
   title   = {A methodology for the development of discrete adjoint solvers using automatic differentiation tools},
   journal = {International {J}ournal of {C}omputational {F}luid {D}ynamics},
   year    = {2007},
   volume  = {14},
   number  = {9--10},
   pages   = {307--327},
   month   = oct,
   note    = {doi:10.1080/10618560701678647}
}

@article{marta:ijcfd15,
   author  = {A. C. Marta},
   title   = {A methodology for the development of discrete adjoint solvers using automatic differentiation tools},
   journal = {International {J}ournal of {C}omputational {F}luid {D}ynamics},
   year    = {2007},
   volume  = {15},
   number  = {9--10},
   pages   = {307--327},
   month   = oct,
   note    = {doi:10.1080/10618560701678647}
}

@article{marta:ijcfd16,
   author  = {A. C. Marta},
   title   = {A methodology for the development of discrete adjoint solvers using automatic differentiation tools},
   journal = {International {J}ournal of {C}omputational {F}luid {D}ynamics},
   year    = {2007},
   volume  = {16},
   number  = {9--10},
   pages   = {307--327},
   month   = oct,
   note    = {doi:10.1080/10618560701678647}
}

@article{marta:ijcfd17,
   author  = {A. C. Marta},
   title   = {A methodology for the development of discrete adjoint solvers using automatic differentiation tools},
   journal = {International {J}ournal of {C}omputational {F}luid {D}ynamics},
   year    = {2007},
   volume  = {17},
   number  = {9--10},
   pages   = {307--327},
   month   = oct,
   note    = {doi:10.1080/10618560701678647}
}

@article{marta:ijcfd18,
   author  = {A. C. Marta},
   title   = {A methodology for the development of discrete adjoint solvers using automatic differentiation tools},
   journal = {International {J}ournal of {C}omputational {F}luid {D}ynamics},
   year    = {2007},
   volume  = {18},
   number  = {9--10},
   pages   = {307--327},
   month   = oct,
   note    = {doi:10.1080/10618560701678647}
}

@article{marta:ijcfd19,
   author  = {A. C. Marta},
   title   = {A methodology for the development of discrete adjoint solvers using automatic differentiation tools},
   journal = {International {J}ournal of {C}omputational {F}luid {D}ynamics},
   year    = {2007},
   volume  = {19},
   number  = {9--10},
   pages   = {307--327},
   month   = oct,
   note    = {doi:10.1080/10618560701678647}
}

@article{marta:ijcfd20,
   author  = {A. C. Marta},
   title   = {A methodology for the development of discrete adjoint solvers using automatic differentiation tools},
   journal = {International {J}ournal of {C}omputational {F}luid {D}ynamics},
   year    = {2007},
   volume  = {20},
   number  = {9--10},
   pages   = {307--327},
   month   = oct,
   note    = {doi:10.1080/10618560701678647}
}

@article{marta:ijcfd21,
   author  = {A. C. Marta},
   title   = {A methodology for the development of discrete adjoint solvers using automatic differentiation tools},
   journal = {International {J}ournal of {C}omputational {F}luid {D}ynamics},
   year    = {2007},
   volume  = {21},
   number  = {9--10},
   pages   = {307--327},
   month   = oct,
   note    = {doi:10.1080/10618560701678647}
}

@article{marta:ijcfd22,
   author  = {A. C. Marta},
   title   = {A methodology for the development of discrete adjoint solvers using automatic differentiation tools},
   journal = {International {J}ournal of {C}omputational {F}luid {D}ynamics},
   year    = {2007},
   volume  = {22},
   number  = {9--10},
   pages   = {307--327},
   month   = oct,
   note    = {doi:10.1080/10618560701678647}
}

@article{marta:ijcfd23,
   author  = {A. C. Marta},
   title   = {A methodology for the development of discrete adjoint solvers using automatic differentiation tools},
   journal = {International {J}ournal of {C}omputational {F}luid {D}ynamics},
   year    = {2007},
   volume  = {23},
   number  = {9--10},
   pages   = {307--327},
   month   = oct,
   note    = {doi:10.1080/10618560701678647}
}

@article{marta:ijcfd24,
   author  = {A. C. Marta},
   title   = {A methodology for the development of discrete adjoint solvers using automatic differentiation tools},
   journal = {International {J}ournal of {C}omputational {F}luid {D}ynamics},
   year    = {2007},
   volume  = {24},
   number  = {9--10},
   pages   = {307--327},
   month   = oct,
   note    = {doi:10.1080/10618560701678647}
}

@article{marta:ijcfd25,
   author  = {A. C. Marta},
   title   = {A methodology for the development of discrete adjoint solvers using automatic differentiation tools},
   journal = {International {J}ournal of {C}omputational {F}luid {D}ynamics},
   year    = {2007},
   volume  = {25},
   number  = {9--10},
   pages   = {307--327},
   month   = oct,
   note    = {doi:10.1080/10618560701678647}
}

@article{marta:ijcfd26,
   author  = {A. C. Marta},
   title   = {A methodology for the development of discrete adjoint solvers using automatic differentiation tools},
   journal = {International {J}ournal of {C}omputational {F}luid {D}ynamics},
   year    = {2007},
   volume  = {26},
   number  = {9--10},
   pages   = {307--327},
   month   = oct,
   note    = {doi:10.1080/10618560701678647}
}

@article{marta:ijcfd27,
   author  = {A. C. Marta},
   title   = {A methodology for the development of discrete adjoint solvers using automatic differentiation tools},
   journal = {International {J}ournal of {C}omputational {F}luid {D}ynamics},
   year    = {2007},
   volume  = {27},
   number  = {9--10},
   pages   = {307--327},
   month   = oct,
   note    = {doi:10.1080/10618560701678647}
}

@article{marta:ijcfd28,
   author  = {A. C. Marta2},
   title   = {A methodology for the development of discrete adjoint solvers using automatic differentiation tools},
   journal = {International {J}ournal of {C}omputational {F}luid {D}ynamics},
   year    = {2007},
   volume  = {28},
   number  = {9--10},
   pages   = {307--327},
   month   = oct,
   note    = {doi:10.1080/10618560701678647}
}

@article{marta:ijcfd29,
   author  = {A. C. Marta2},
   title   = {A methodology for the development of discrete adjoint solvers using automatic differentiation tools},
   journal = {International {J}ournal of {C}omputational {F}luid {D}ynamics},
   year    = {2007},
   volume  = {29},
   number  = {9--10},
   pages   = {307--327},
   month   = oct,
   note    = {doi:10.1080/10618560701678647}
}

@article{marta:ijcfd30,
   author  = {A. C. Marta2},
   title   = {A methodology for the development of discrete adjoint solvers using automatic differentiation tools},
   journal = {International {J}ournal of {C}omputational {F}luid {D}ynamics},
   year    = {2007},
   volume  = {30},
   number  = {9--10},
   pages   = {307--327},
   month   = oct,
   note    = {doi:10.1080/10618560701678647}
}




####################################################################################
@book{antlr4book,
  author = {Parr, Terence},
  title = {The Definitive ANTLR 4 Reference},
  year = {2013},
  isbn = {1934356999},
  publisher = {Pragmatic Bookshelf},
  edition = {2nd},
  abstract = {Programmers run into parsing problems all the time. Whether it's a data format like JSON, a network protocol like SMTP, a server configuration file for Apache, a PostScript/PDF file, or a simple spreadsheet macro language--ANTLR v4 and this book will demystify the process. ANTLR v4 has been rewritten from scratch to make it easier than ever to build parsers and the language applications built on top. This completely rewritten new edition of the bestselling Definitive ANTLR Reference shows you how to take advantage of these new features. Build your own languages with ANTLR v4, using ANTLR's new advanced parsing technology. In this book, you'll learn how ANTLR automatically builds a data structure representing the input (parse tree) and generates code that can walk the tree (visitor). You can use that combination to implement data readers, language interpreters, and translators. You'll start by learning how to identify grammar patterns in language reference manuals and then slowly start building increasingly complex grammars. Next, you'll build applications based upon those grammars by walking the automatically generated parse trees. Then you'll tackle some nasty language problems by parsing files containing more than one language (such as XML, Java, and Javadoc). You'll also see how to take absolute control over parsing by embedding Java actions into the grammar. You'll learn directly from well-known parsing expert Terence Parr, the ANTLR creator and project lead. You'll master ANTLR grammar construction and learn how to build language tools using the built-in parse tree visitor mechanism. The book teaches using real-world examples and shows you how to use ANTLR to build such things as a data file reader, a JSON to XML translator, an R parser, and a Java class-interface extractor. This book is your ticket to becoming a parsing guru!What You Need: ANTLR 4.0 and above. Java development tools. Ant build system optional (needed for building ANTLR from source)}
}

@techreport{OWASP,
	Author = {J. Williams and D. Wichers},
	Institution = {{OWASP Foundation}},
	Title = {{OWASP Top} 10 - 2017 rcl - The Ten Most Critical Web Application Security Risks},
	Year = 2017}


@article{telang2007empirical,
  title={An empirical analysis of the impact of software vulnerability announcements on firm stock price},
  author={Telang, Rahul and Wattal, Sunil},
  journal={IEEE Transactions on Software engineering},
  volume={33},
  number={8},
  pages={544--557},
  year={2007},
  publisher={IEEE}
}    

@article{equifax,
  title={Equifax and the latest round of identity theft roulette},
  author={Berghel, Hal},
  journal={Computer},
  volume={50},
  number={12},
  pages={72--76},
  year={2017},
  publisher={IEEE}
}


@article{jain2011review,
  title={Review of security metrics in software development process},
  author={Jain, Smriti and Ingle, Maya},
  journal={International Journal of Computer Science and Information Technologies},
  volume={2},
  number={6},
  pages={2627--2631},
  year={2011}
}


@article{microgrammars,
  title={How to build static checking systems using orders of magnitude less code},
  author={Brown, Fraser and N{\"o}tzli, Andres and Engler, Dawson},
  journal={ACM SIGPLAN Notices},
  volume={51},
  number={4},
  pages={143--157},
  year={2016},
  publisher={ACM}
}

@inproceedings{phpapis,
  title={PHP Aspis: using partial taint tracking to protect against injection attacks},
  author={Papagiannis, Ioannis and Migliavacca, Matteo and Pietzuch, Peter},
  booktitle={2nd USENIX Conference on Web Application Development},
  volume={13},
  year={2011}
}

@inproceedings{dt++,
  title={DTA++: dynamic taint analysis with targeted control-flow propagation.},
  author={Kang, Min Gyung and McCamant, Stephen and Poosankam, Pongsin and Song, Dawn},
  booktitle={NDSS},
  year={2011}
}

@inproceedings{diglossia,
	Author = {Sooel Son and Kathryn S. McKinley and Vitaly Shmatikov},
	Booktitle = {Proceedings of the 20th ACM Conference on Computer and Communications Security},
	Pages = {1181--1192},
	Title = {Diglossia: detecting code injection attacks with precision and efficiency},
	Year = {2013}}

@inproceedings{taintcheck,
  title={Dynamic Taint Analysis for Automatic Detection, Analysis, and Signature Generation of Exploits on Commodity Software.},
  author={Newsome, James and Song, Dawn Xiaodong},
  booktitle={NDSS},
  volume={5},
  pages={3--4},
  year={2005},
  organization={Citeseer}
}

@article{phosphor,
  title={Phosphor: Illuminating dynamic data flow in commodity jvms},
  author={Bell, Jonathan and Kaiser, Gail},
  journal={ACM Sigplan Notices},
  volume={49},
  number={10},
  pages={83--101},
  year={2014},
  publisher={ACM}
}

@inproceedings{dytan,
	Author = {Clause, J. and Li, W. and Orso, A.},
	Booktitle = {Proceedings of the ACM International Symposium on Software Testing and Analysis},
	Pages = {196--206},
	Title = {Dytan: a generic dynamic taint analysis framework},
	Year = {2007}}


@inproceedings{jovanovic2006pixy,
  title={Pixy: A static analysis tool for detecting web application vulnerabilities},
  author={Jovanovic, Nenad and Kruegel, Christopher and Kirda, Engin},
  booktitle={2006 IEEE Symposium on Security and Privacy (S\&P'06)},
  pages={6--pp},
  year={2006},
  organization={IEEE}
}

@inproceedings{nunes2015phpsafe,
  title={phpSAFE: A security analysis tool for OOP web application plugins},
  author={Nunes, Paulo Jorge Costa and Fonseca, Jos{\'e} and Vieira, Marco},
  booktitle={2015 45th Annual IEEE/IFIP International Conference on Dependable Systems and Networks},
  pages={299--306},
  year={2015},
  organization={IEEE}
}

@inproceedings{wassermann2008static,
  title={Static detection of cross-site scripting vulnerabilities},
  author={Wassermann, Gary and Su, Zhendong},
  booktitle={2008 ACM/IEEE 30th International Conference on Software Engineering},
  pages={171--180},
  year={2008},
  organization={IEEE}
}

@inproceedings{dahse2014simulation,
  title={Simulation of Built-in PHP Features for Precise Static Code Analysis.},
  author={Dahse, Johannes and Holz, Thorsten},
  booktitle={NDSS},
  volume={14},
  pages={23--26},
  year={2014},
  organization={Citeseer}
}

@inproceedings{livshits2005finding,
  title={Finding Security Vulnerabilities in Java Applications with Static Analysis.},
  author={Livshits, V Benjamin and Lam, Monica S},
  booktitle={USENIX Security Symposium},
  volume={14},
  pages={18--18},
  year={2005}
}

@inproceedings{tripp2013andromeda,
  title={Andromeda: Accurate and scalable security analysis of web applications},
  author={Tripp, Omer and Pistoia, Marco and Cousot, Patrick and Cousot, Radhia and Guarnieri, Salvatore},
  booktitle={International Conference on Fundamental Approaches to Software Engineering},
  pages={210--225},
  year={2013},
  organization={Springer}
}


@phdthesis{iberia,
  title={Detection of vulnerabilities and automatic protection for web applications},
  author={de Sousa Medeiros, Ib{\'e}ria Vit{\'o}ria},
  year={2016},
  school={Doctoral dissertation, Universidade de Lisboa}
}

@article{cass2020top,
  title={The top programming languages: Our latest rankings put Python on top-again-[Careers]},
  author={Cass, Stephen},
  journal={IEEE Spectrum},
  volume={57},
  number={8},
  pages={22--22},
  year={2020},
  publisher={IEEE}
}


@article{tratt2009dynamically,
  title={Dynamically typed languages},
  author={Tratt, Laurence},
  journal={Advances in Computers},
  volume={77},
  pages={149--184},
  year={2009},
  publisher={Elsevier}
}

@incollection{sridharan2013alias,
  title={Alias analysis for object-oriented programs},
  author={Sridharan, Manu and Chandra, Satish and Dolby, Julian and Fink, Stephen J and Yahav, Eran},
  booktitle={Aliasing in Object-Oriented Programming. Types, Analysis and Verification},
  pages={196--232},
  year={2013},
  publisher={Springer}
}

@inproceedings{rountev2004static,
  title={Static and dynamic analysis of call chains in Java},
  author={Rountev, Atanas and Kagan, Scott and Gibas, Michael},
  booktitle={Proceedings of the 2004 ACM SIGSOFT international symposium on Software testing and analysis},
  pages={1--11},
  year={2004}
}

@inproceedings{hills2014static,
  title={Static, lightweight includes resolution for PHP},
  author={Hills, Mark and Klint, Paul and Vinju, Jurgen J},
  booktitle={Proceedings of the 29th ACM/IEEE international conference on Automated software engineering},
  pages={503--514},
  year={2014}
}


@inproceedings{hammer2008static,
  title={Static path conditions for java},
  author={Hammer, Christian and Schaade, R{\"u}diger and Snelting, Gregor},
  booktitle={Proceedings of the third ACM SIGPLAN workshop on Programming languages and analysis for security},
  pages={57--66},
  year={2008}
}

@article{arzt2014flowdroid,
  title={Flowdroid: Precise context, flow, field, object-sensitive and lifecycle-aware taint analysis for android apps},
  author={Arzt, Steven and Rasthofer, Siegfried and Fritz, Christian and Bodden, Eric and Bartel, Alexandre and Klein, Jacques and Le Traon, Yves and Octeau, Damien and McDaniel, Patrick},
  journal={Acm Sigplan Notices},
  volume={49},
  number={6},
  pages={259--269},
  year={2014},
  publisher={ACM New York, NY, USA}
}

@book{campbell2013sonarqube,
  title={SonarQube in action},
  author={Campbell, G and Papapetrou, Patroklos P},
  year={2013},
  publisher={Manning Publications Co.}
}

@inproceedings{sridharan2011f4f,
  title={F4F: taint analysis of framework-based web applications},
  author={Sridharan, Manu and Artzi, Shay and Pistoia, Marco and Guarnieri, Salvatore and Tripp, Omer and Berg, Ryan},
  booktitle={Proceedings of the 2011 ACM international conference on Object oriented programming systems languages and applications},
  pages={1053--1068},
  year={2011}
}

@article{mohammad2016continuous,
  title={Continuous Integration and Automation},
  author={Mohammad, Sikender Mohsienuddin},
  journal={International Journal of Creative Research Thoughts (IJCRT), ISSN},
  pages={2320--2882},
  year={2016}
}


@inproceedings{sqlparsetree2,
  title={SQLProb: a proxy-based architecture towards preventing SQL injection attacks},
  author={Liu, Anyi and Yuan, Yi and Wijesekera, Duminda and Stavrou, Angelos},
  booktitle={Proceedings of the 2009 ACM symposium on Applied Computing},
  pages={2054--2061},
  year={2009},
  organization={ACM}
}

@inproceedings{sqlparsetree1,
	Author = {G. T. Buehrer and B. W. Weide and P. Sivilotti},
	Booktitle = {Proceedings of the 5th International Workshop on Software Engineering and Middleware},
	Month = Sep,
	Pages = {106--113},
	Title = {{Using parse tree validation to prevent SQL injection attacks}},
	Year = 2005}


   @inproceedings{hind2001pointer,
  title={Pointer analysis: Haven't we solved this problem yet?},
  author={Hind, Michael},
  booktitle={Proceedings of the 2001 ACM SIGPLAN-SIGSOFT workshop on Program analysis for software tools and engineering},
  pages={54--61},
  year={2001}
}


@inproceedings{spath2016boomerang,
  title={Boomerang: Demand-driven flow-and context-sensitive pointer analysis for java},
  author={Sp{\"a}th, Johannes and Nguyen Quang Do, Lisa and Ali, Karim and Bodden, Eric},
  booktitle={30th European Conference on Object-Oriented Programming (ECOOP 2016)},
  year={2016},
  organization={Schloss Dagstuhl-Leibniz-Zentrum fuer Informatik}
}


@misc{DBEngine7:online,
author = {},
title = {DB-Engines Ranking - popularity ranking of database management systems},
howpublished = {\url{https://db-engines.com/en/ranking}},
month = {},
year = {},
note = {(Accessed on 12/17/2020)}
}


@misc{Mongo:online,
author = {},
title = {The most popular database for modern apps | MongoDB},
howpublished = {\url{https://www.mongodb.com/1}},
month = {},
year = {},
note = {(Accessed on 12/17/2020)}
}

@inproceedings{schwartz2010all,
  title={All you ever wanted to know about dynamic taint analysis and forward symbolic execution (but might have been afraid to ask)},
  author={Schwartz, Edward J and Avgerinos, Thanassis and Brumley, David},
  booktitle={2010 IEEE symposium on Security and privacy},
  pages={317--331},
  year={2010},
  organization={IEEE}
}
